@misc{ wiki:chisq,
    author = "{Wikipedia contributors}",
    title = "Chi-squared distribution --- {Wikipedia}{,} The Free Encyclopedia",
    howpublished = "\href{https://en.wikipedia.org/wiki/Chi-squared_distribution\#Probability_density_function}{wikipedia.org}"
}

@misc{ wiki:chi,
    author = "{Wikipedia contributors}",
    title = "Chi distribution --- {Wikipedia}{,} The Free Encyclopedia",
    howpublished = "\href{https://en.wikipedia.org/wiki/Chi_distribution
\#Probability_density_function}{wikipedia.org}"
}

@misc{ wiki:change,
    author = "{Wikipedia contributors}",
    title = "Probability density function --- {Wikipedia}{,} The Free Encyclopedia",
    howpublished = "\href{https://en.wikipedia.org/w/index.php?title=Probability_density_function\#Function_of_random_variables_and_change_of_variables_in_the_probability_density_function}{wikipedia.org}"
}

@misc{ wiki:ratio,
    author = "{Wikipedia contributors}",
    title = "Ratio distribution --- {Wikipedia}{,} The Free Encyclopedia",
    howpublished = "\href{https://en.wikipedia.org/wiki/Ratio_distribution\#Derivation}{wikipedia.org}"
}